<?xml version="1.0" encoding="UTF-8"?><collection xmlns="http://www.loc.gov/MARC21/slim"><record><leader>00492nam--2200169-u-4500</leader><controlfield tag="001">000051286</controlfield><controlfield tag="002">20161230</controlfield><controlfield tag="005">20161230201049</controlfield><controlfield tag="008">080612s1000------------r-----000-0-eng-d</controlfield><datafield ind1=" " ind2=" " tag="040"><subfield code="a">IFIN-HH</subfield></datafield><datafield ind1=" " ind2=" " tag="080"><subfield code="a">515.124</subfield></datafield><datafield ind1="1" ind2=" " tag="100"><subfield code="a">Delode,Claude</subfield></datafield><datafield ind1="1" ind2="0" tag="245"><subfield code="a">Champs Mesurables D'Espaces Metriques et Champs Sousliniens. Characterisation de Sous-Champs en Terme de Multisections Measurables</subfield></datafield><datafield ind1=" " ind2=" " tag="260"><subfield code="a">Paris</subfield><subfield code="c">1977</subfield></datafield><datafield ind1=" " ind2=" " tag="300"><subfield code="a">55 p</subfield></datafield><datafield ind1=" " ind2=" " tag="852"><subfield code="a">46445</subfield><subfield code="c">515/516</subfield></datafield><datafield ind1=" " ind2=" " tag="CAT"><subfield code="a">Sys</subfield><subfield code="c">20080612</subfield><subfield code="h">130734</subfield></datafield></record></collection>